@article{shahriari2015taking,
	title={Taking the human out of the loop: A review of Bayesian optimization},
	author={Shahriari, Bobak and Swersky, Kevin and Wang, Ziyu and Adams, Ryan P and De Freitas, Nando},
	journal={Proceedings of the IEEE},
	volume={104},
	number={1},
	pages={148--175},
	year={2015},
	publisher={IEEE}
}

@article{greenhill2020bayesian,
	title={Bayesian optimization for adaptive experimental design: A review},
	author={Greenhill, Stewart and Rana, Santu and Gupta, Sunil and Vellanki, Pratibha and Venkatesh, Svetha},
	journal={IEEE access},
	volume={8},
	pages={13937--13948},
	year={2020},
	publisher={IEEE}
}

@article{snoek2012practical,
	title={Practical bayesian optimization of machine learning algorithms},
	author={Snoek, Jasper and Larochelle, Hugo and Adams, Ryan P},
	journal={Advances in neural information processing systems},
	volume={25},
	year={2012}
}

@article{frazier2018tutorial,
	title={A tutorial on Bayesian optimization},
	author={Frazier, Peter I},
	journal={arXiv preprint arXiv:1807.02811},
	year={2018}
}

@article{jones1997adaptive,
	title={Adaptive refinement of unstructured finite-element meshes},
	author={Jones, Mark T and Plassmann, Paul E},
	journal={Finite Elements in Analysis and Design},
	volume={25},
	number={1-2},
	pages={41--60},
	year={1997},
	publisher={Elsevier}
}

@article{lo19983d,
	title={3D mesh refinement in compliance with a specified node spacing function},
	author={Lo, SH},
	journal={Computational mechanics},
	volume={21},
	number={1},
	pages={11--19},
	year={1998},
	publisher={Springer}
}

@article{rue2017bayesian,
	title={Bayesian computing with INLA: a review},
	author={Rue, H{\aa}vard and Riebler, Andrea and S{\o}rbye, Sigrunn H and Illian, Janine B and Simpson, Daniel P and Lindgren, Finn K},
	journal={Annual Review of Statistics and Its Application},
	volume={4},
	pages={395--421},
	year={2017},
	publisher={Annual Reviews}
}

@inproceedings{hutter2012parallel,
	title={Parallel algorithm configuration},
	author={Hutter, Frank and Hoos, Holger H and Leyton-Brown, Kevin},
	booktitle={Learning and Intelligent Optimization: 6th International Conference, LION 6, Paris, France, January 16-20, 2012, Revised Selected Papers},
	pages={55--70},
	year={2012},
	organization={Springer}
}

@article{jones2001taxonomy,
	title={A taxonomy of global optimization methods based on response surfaces},
	author={Jones, Donald R},
	journal={Journal of global optimization},
	volume={21},
	pages={345--383},
	year={2001},
	publisher={Springer}
}
